<record><leader>00000cas a22000007a 4500</leader><controlfield tag="001">11274995</controlfield><controlfield tag="008">841017d18111817ohuwr ne      0    0eng d</controlfield><datafield ind1=" " ind2=" " tag="010"><subfield code="a">sn 84028619 </subfield></datafield><datafield ind1=" " ind2=" " tag="040"><subfield code="a">NPY</subfield><subfield code="b">eng</subfield><subfield code="c">NPY</subfield><subfield code="d">NPV</subfield><subfield code="d">NPX</subfield><subfield code="d">DLC</subfield><subfield code="d">ONP</subfield><subfield code="d">KNP</subfield><subfield code="d">ONP</subfield><subfield code="d">NVK</subfield><subfield code="d">OCL</subfield><subfield code="d">KRTAS</subfield><subfield code="d">OCLCF</subfield><subfield code="d">OCLCO</subfield></datafield><datafield ind1="1" ind2=" " tag="029"><subfield code="a">AU@</subfield><subfield code="b">000020121339</subfield></datafield><datafield ind1=" " ind2=" " tag="042"><subfield code="a">msc</subfield></datafield><datafield ind1="0" ind2="0" tag="050"><subfield code="a">Newspaper</subfield></datafield><datafield ind1="0" ind2=" " tag="130"><subfield code="a">Western intelligencer (Worthington, Ohio)</subfield></datafield><datafield ind1="0" ind2="4" tag="245"><subfield code="a">The Western intelligencer.</subfield></datafield><datafield ind1=" " ind2=" " tag="260"><subfield code="a">Worthington, Ohio :</subfield><subfield code="b">[J. Kilbourne],</subfield><subfield code="c">1811-</subfield></datafield><datafield ind1=" " ind2=" " tag="300"><subfield code="a">v.</subfield></datafield><datafield ind1=" " ind2=" " tag="310"><subfield code="a">Weekly</subfield></datafield><datafield ind1="0" ind2=" " tag="362"><subfield code="a">Vol. 1, no. 1 (July 17, 1811)-</subfield></datafield><datafield ind1="1" ind2=" " tag="362"><subfield code="a">Ceased in Feb. 1817.</subfield></datafield><datafield ind1=" " ind2=" " tag="500"><subfield code="a">Published at Worthington, Ohio, July 17, 1811-&lt;Feb. 23&gt;, 1814; at Columbus, Ohio, Mar. 1814-1817.</subfield></datafield><datafield ind1=" " ind2=" " tag="515"><subfield code="a">Issue for May 1, 1812 misdated Apr. 31; issue for Jan. 6, 1813 misdated 1812.</subfield></datafield><datafield ind1=" " ind2=" " tag="515"><subfield code="a">Vol. 3, no. 5 (Oct. 13, 1813)-v. &lt;6, no. 10 (Jan. 30, 1817)&gt; called also whole no. 109-&lt;170&gt;.</subfield></datafield><datafield ind1=" " ind2=" " tag="530"><subfield code="a">Available on microfilm from Library of Congress Photo Duplication Service.</subfield></datafield><datafield ind1=" " ind2="0" tag="651"><subfield code="a">Columbus (Ohio)</subfield><subfield code="v">Newspapers.</subfield></datafield><datafield ind1=" " ind2="0" tag="651"><subfield code="a">Worthington (Ohio)</subfield><subfield code="v">Newspapers.</subfield></datafield><datafield ind1=" " ind2="0" tag="651"><subfield code="a">Franklin County (Ohio)</subfield><subfield code="v">Newspapers.</subfield></datafield><datafield ind1=" " ind2="7" tag="655"><subfield code="a">Newspapers.</subfield><subfield code="2">fast</subfield><subfield code="0">(OCoLC)fst01423814</subfield></datafield><datafield ind1=" " ind2="7" tag="651"><subfield code="a">Ohio</subfield><subfield code="z">Columbus.</subfield><subfield code="2">fast</subfield><subfield code="0">(OCoLC)fst01205076</subfield></datafield><datafield ind1=" " ind2="7" tag="651"><subfield code="a">Ohio</subfield><subfield code="z">Franklin County.</subfield><subfield code="2">fast</subfield><subfield code="0">(OCoLC)fst01209686</subfield></datafield><datafield ind1=" " ind2="7" tag="651"><subfield code="a">Ohio</subfield><subfield code="z">Worthington.</subfield><subfield code="2">fast</subfield><subfield code="0">(OCoLC)fst01225287</subfield></datafield><datafield ind1=" " ind2=" " tag="752"><subfield code="a">United States</subfield><subfield code="b">Ohio</subfield><subfield code="c">Franklin</subfield><subfield code="d">Columbus.</subfield></datafield><datafield ind1=" " ind2=" " tag="752"><subfield code="a">United States</subfield><subfield code="b">Ohio</subfield><subfield code="c">Franklin</subfield><subfield code="d">Worthington.</subfield></datafield><datafield ind1="0" ind2="0" tag="785"><subfield code="t">Western intelligencer &amp; Columbus gazette</subfield><subfield code="w">(DLC)sn 84025005</subfield></datafield><datafield ind1=" " ind2=" " tag="938"><subfield code="a">Kirtas Technologies, Inc.</subfield><subfield code="b">KRTS</subfield><subfield code="n">738832</subfield></datafield></record>